{'id': 271097608, 'price': '0.06813700', 'qty': '2.50000000', 'quoteQty': '0.17034250', 'time': 1621952137903, 'isBuyerMaker': True, 'isBestMatch': True}{'id': 271097609, 'price': '0.06813500', 'qty': '0.01800000', 'quoteQty': '0.00122643', 'time': 1621952137922, 'isBuyerMaker': True, 'isBestMatch': True}{'id': 271097610, 'price': '0.06813600', 'qty': '4.00000000', 'quoteQty': '0.27254400', 'time': 1621952138147, 'isBuyerMaker': False, 'isBestMatch': True}{'id': 271097611, 'price': '0.06813600', 'qty': '3.84000000', 'quoteQty': '0.26164224', 'time': 1621952138147, 'isBuyerMaker': False, 'isBestMatch': True}{'id': 271097612, 'price': '0.06813600', 'qty': '2.05200000', 'quoteQty': '0.13981507', 'time': 1621952138147, 'isBuyerMaker': False, 'isBestMatch': True}{'id': 271097613, 'price': '0.06813500', 'qty': '0.24400000', 'quoteQty': '0.01662494', 'time': 1621952138216, 'isBuyerMaker': True, 'isBestMatch': True}{'id': 271097614, 'price': '0.06813600', 'qty': '0.40000000', 'quoteQty': '0.02725440', 'time': 1621952138412, 'isBuyerMaker': False, 'isBestMatch': True}{'id': 271097615, 'price': '0.06813500', 'qty': '0.03100000', 'quoteQty': '0.00211218', 'time': 1621952138452, 'isBuyerMaker': True, 'isBestMatch': True}{'id': 271097616, 'price': '0.06813500', 'qty': '0.02300000', 'quoteQty': '0.00156710', 'time': 1621952138452, 'isBuyerMaker': True, 'isBestMatch': True}{'id': 271097617, 'price': '0.06813400', 'qty': '0.04100000', 'quoteQty': '0.00279349', 'time': 1621952138452, 'isBuyerMaker': True, 'isBestMatch': True}{'id': 271097618, 'price': '0.06813300', 'qty': '0.00900000', 'quoteQty': '0.00061319', 'time': 1621952138452, 'isBuyerMaker': True, 'isBestMatch': True}{'id': 271097619, 'price': '0.06813300', 'qty': '0.00300000', 'quoteQty': '0.00020439', 'time': 1621952138452, 'isBuyerMaker': True, 'isBestMatch': True}{'id': 271097620, 'price': '0.06813200', 'qty': '0.00200000', 'quoteQty': '0.00013626', 'time': 1621952138452, 'isBuyerMaker': True, 'isBestMatch': True}{'id': 271097621, 'price': '0.06813100', 'qty': '0.00200000', 'quoteQty': '0.00013626', 'time': 1621952138452, 'isBuyerMaker': True, 'isBestMatch': True}{'id': 271097622, 'price': '0.06813000', 'qty': '0.00800000', 'quoteQty': '0.00054504', 'time': 1621952138452, 'isBuyerMaker': True, 'isBestMatch': True}{'id': 271097623, 'price': '0.06813000', 'qty': '0.00300000', 'quoteQty': '0.00020439', 'time': 1621952138452, 'isBuyerMaker': True, 'isBestMatch': True}{'id': 271097624, 'price': '0.06813000', 'qty': '0.00200000', 'quoteQty': '0.00013626', 'time': 1621952138452, 'isBuyerMaker': True, 'isBestMatch': True}{'id': 271097625, 'price': '0.06812900', 'qty': '0.05000000', 'quoteQty': '0.00340645', 'time': 1621952138452, 'isBuyerMaker': True, 'isBestMatch': True}{'id': 271097626, 'price': '0.06812800', 'qty': '0.00400000', 'quoteQty': '0.00027251', 'time': 1621952138452, 'isBuyerMaker': True, 'isBestMatch': True}{'id': 271097627, 'price': '0.06812800', 'qty': '0.14700000', 'quoteQty': '0.01001481', 'time': 1621952138452, 'isBuyerMaker': True, 'isBestMatch': True}{'id': 271097628, 'price': '0.06812700', 'qty': '0.02400000', 'quoteQty': '0.00163504', 'time': 1621952138452, 'isBuyerMaker': True, 'isBestMatch': True}{'id': 271097629, 'price': '0.06812500', 'qty': '0.00800000', 'quoteQty': '0.00054500', 'time': 1621952138452, 'isBuyerMaker': True, 'isBestMatch': True}{'id': 271097630, 'price': '0.06812400', 'qty': '0.00400000', 'quoteQty': '0.00027249', 'time': 1621952138452, 'isBuyerMaker': True, 'isBestMatch': True}{'id': 271097631, 'price': '0.06812300', 'qty': '0.00400000', 'quoteQty': '0.00027249', 'time': 1621952138452, 'isBuyerMaker': True, 'isBestMatch': True}{'id': 271097632, 'price': '0.06812300', 'qty': '1.63200000', 'quoteQty': '0.11117673', 'time': 1621952138452, 'isBuyerMaker': True, 'isBestMatch': True}{'id': 271097633, 'price': '0.06812000', 'qty': '0.00300000', 'quoteQty': '0.00020436', 'time': 1621952138452, 'isBuyerMaker': True, 'isBestMatch': True}{'id': 271097634, 'price': '0.06811900', 'qty': '0.00900000', 'quoteQty': '0.00061307', 'time': 1621952138452, 'isBuyerMaker': True, 'isBestMatch': True}{'id': 271097635, 'price': '0.06811700', 'qty': '0.01500000', 'quoteQty': '0.00102175', 'time': 1621952138452, 'isBuyerMaker': True, 'isBestMatch': True}{'id': 271097636, 'price': '0.06811700', 'qty': '0.01800000', 'quoteQty': '0.00122610', 'time': 1621952138452, 'isBuyerMaker': True, 'isBestMatch': True}{'id': 271097637, 'price': '0.06811600', 'qty': '0.00300000', 'quoteQty': '0.00020434', 'time': 1621952138452, 'isBuyerMaker': True, 'isBestMatch': True}{'id': 271097638, 'price': '0.06811600', 'qty': '0.01700000', 'quoteQty': '0.00115797', 'time': 1621952138452, 'isBuyerMaker': True, 'isBestMatch': True}{'id': 271097639, 'price': '0.06811600', 'qty': '0.27700000', 'quoteQty': '0.01886813', 'time': 1621952138452, 'isBuyerMaker': True, 'isBestMatch': True}{'id': 271097640, 'price': '0.06811500', 'qty': '0.00200000', 'quoteQty': '0.00013623', 'time': 1621952138452, 'isBuyerMaker': True, 'isBestMatch': True}{'id': 271097641, 'price': '0.06811500', 'qty': '0.00200000', 'quoteQty': '0.00013623', 'time': 1621952138452, 'isBuyerMaker': True, 'isBestMatch': True}{'id': 271097642, 'price': '0.06811300', 'qty': '1.31200000', 'quoteQty': '0.08936425', 'time': 1621952138452, 'isBuyerMaker': True, 'isBestMatch': True}{'id': 271097643, 'price': '0.06813400', 'qty': '7.50000000', 'quoteQty': '0.51100500', 'time': 1621952138616, 'isBuyerMaker': False, 'isBestMatch': True}{'id': 271097644, 'price': '0.06813500', 'qty': '3.84000000', 'quoteQty': '0.26163840', 'time': 1621952138616, 'isBuyerMaker': False, 'isBestMatch': True}{'id': 271097645, 'price': '0.06813600', 'qty': '2.17400000', 'quoteQty': '0.14812766', 'time': 1621952138633, 'isBuyerMaker': False, 'isBestMatch': True}{'id': 271097646, 'price': '0.06813500', 'qty': '0.22200000', 'quoteQty': '0.01512597', 'time': 1621952138753, 'isBuyerMaker': False, 'isBestMatch': True}{'id': 271097647, 'price': '0.06813600', 'qty': '0.00200000', 'quoteQty': '0.00013627', 'time': 1621952138780, 'isBuyerMaker': False, 'isBestMatch': True}{'id': 271097648, 'price': '0.06813600', 'qty': '0.00400000', 'quoteQty': '0.00027254', 'time': 1621952138780, 'isBuyerMaker': False, 'isBestMatch': True}{'id': 271097649, 'price': '0.06813900', 'qty': '0.27100000', 'quoteQty': '0.01846566', 'time': 1621952138791, 'isBuyerMaker': False, 'isBestMatch': True}{'id': 271097650, 'price': '0.06815100', 'qty': '0.26200000', 'quoteQty': '0.01785556', 'time': 1621952138793, 'isBuyerMaker': False, 'isBestMatch': True}{'id': 271097651, 'price': '0.06815100', 'qty': '0.00500000', 'quoteQty': '0.00034075', 'time': 1621952138793, 'isBuyerMaker': False, 'isBestMatch': True}{'id': 271097652, 'price': '0.06815300', 'qty': '6.22000000', 'quoteQty': '0.42391166', 'time': 1621952138793, 'isBuyerMaker': False, 'isBestMatch': True}{'id': 271097653, 'price': '0.06815400', 'qty': '0.27800000', 'quoteQty': '0.01894681', 'time': 1621952138817, 'isBuyerMaker': False, 'isBestMatch': True}{'id': 271097654, 'price': '0.06815800', 'qty': '2.92400000', 'quoteQty': '0.19929399', 'time': 1621952138817, 'isBuyerMaker': False, 'isBestMatch': True}{'id': 271097655, 'price': '0.06815800', 'qty': '0.21400000', 'quoteQty': '0.01458581', 'time': 1621952138817, 'isBuyerMaker': False, 'isBestMatch': True}{'id': 271097656, 'price': '0.06816000', 'qty': '0.07300000', 'quoteQty': '0.00497568', 'time': 1621952138817, 'isBuyerMaker': False, 'isBestMatch': True}{'id': 271097657, 'price': '0.06816100', 'qty': '8.14000000', 'quoteQty': '0.55483054', 'time': 1621952138817, 'isBuyerMaker': False, 'isBestMatch': True}{'id': 271097658, 'price': '0.06816200', 'qty': '0.00200000', 'quoteQty': '0.00013632', 'time': 1621952138825, 'isBuyerMaker': False, 'isBestMatch': True}{'id': 271097659, 'price': '0.06816200', 'qty': '7.52000000', 'quoteQty': '0.51257824', 'time': 1621952138825, 'isBuyerMaker': False, 'isBestMatch': True}{'id': 271097660, 'price': '0.06816300', 'qty': '0.23400000', 'quoteQty': '0.01595014', 'time': 1621952138825, 'isBuyerMaker': False, 'isBestMatch': True}{'id': 271097661, 'price': '0.06816700', 'qty': '0.02900000', 'quoteQty': '0.00197684', 'time': 1621952138882, 'isBuyerMaker': False, 'isBestMatch': True}{'id': 271097662, 'price': '0.06816700', 'qty': '0.01500000', 'quoteQty': '0.00102250', 'time': 1621952138914, 'isBuyerMaker': False, 'isBestMatch': True}{'id': 271097663, 'price': '0.06814500', 'qty': '0.00300000', 'quoteQty': '0.00020443', 'time': 1621952139100, 'isBuyerMaker': True, 'isBestMatch': True}{'id': 271097664, 'price': '0.06814400', 'qty': '0.00300000', 'quoteQty': '0.00020443', 'time': 1621952139159, 'isBuyerMaker': True, 'isBestMatch': True}{'id': 271097665, 'price': '0.06816600', 'qty': '0.00800000', 'quoteQty': '0.00054532', 'time': 1621952139345, 'isBuyerMaker': False, 'isBestMatch': True}{'id': 271097666, 'price': '0.06816600', 'qty': '0.00900000', 'quoteQty': '0.00061349', 'time': 1621952139348, 'isBuyerMaker': False, 'isBestMatch': True}{'id': 271097667, 'price': '0.06815700', 'qty': '0.04800000', 'quoteQty': '0.00327153', 'time': 1621952140992, 'isBuyerMaker': False, 'isBestMatch': True}{'id': 271097668, 'price': '0.06816300', 'qty': '0.00400000', 'quoteQty': '0.00027265', 'time': 1621952141290, 'isBuyerMaker': False, 'isBestMatch': True}{'id': 271097669, 'price': '0.06816300', 'qty': '0.62400000', 'quoteQty': '0.04253371', 'time': 1621952141290, 'isBuyerMaker': False, 'isBestMatch': True}{'id': 271097670, 'price': '0.06816300', 'qty': '7.75000000', 'quoteQty': '0.52826325', 'time': 1621952141303, 'isBuyerMaker': False, 'isBestMatch': True}{'id': 271097671, 'price': '0.06816300', 'qty': '0.55000000', 'quoteQty': '0.03748965', 'time': 1621952141322, 'isBuyerMaker': False, 'isBestMatch': True}{'id': 271097672, 'price': '0.06817300', 'qty': '0.40400000', 'quoteQty': '0.02754189', 'time': 1621952141977, 'isBuyerMaker': True, 'isBestMatch': True}{'id': 271097673, 'price': '0.06818000', 'qty': '0.96900000', 'quoteQty': '0.06606642', 'time': 1621952143704, 'isBuyerMaker': True, 'isBestMatch': True}{'id': 271097674, 'price': '0.06818100', 'qty': '0.98600000', 'quoteQty': '0.06722646', 'time': 1621952143910, 'isBuyerMaker': False, 'isBestMatch': True}{'id': 271097675, 'price': '0.06818100', 'qty': '0.27400000', 'quoteQty': '0.01868159', 'time': 1621952143980, 'isBuyerMaker': False, 'isBestMatch': True}{'id': 271097676, 'price': '0.06818100', 'qty': '0.44800000', 'quoteQty': '0.03054508', 'time': 1621952143991, 'isBuyerMaker': False, 'isBestMatch': True}{'id': 271097677, 'price': '0.06818100', 'qty': '0.12500000', 'quoteQty': '0.00852262', 'time': 1621952143992, 'isBuyerMaker': False, 'isBestMatch': True}{'id': 271097678, 'price': '0.06818100', 'qty': '4.45600000', 'quoteQty': '0.30381453', 'time': 1621952144006, 'isBuyerMaker': False, 'isBestMatch': True}{'id': 271097679, 'price': '0.06818300', 'qty': '0.22500000', 'quoteQty': '0.01534117', 'time': 1621952144025, 'isBuyerMaker': False, 'isBestMatch': True}{'id': 271097680, 'price': '0.06818300', 'qty': '0.66900000', 'quoteQty': '0.04561442', 'time': 1621952144028, 'isBuyerMaker': False, 'isBestMatch': True}{'id': 271097681, 'price': '0.06818500', 'qty': '0.01700000', 'quoteQty': '0.00115914', 'time': 1621952144066, 'isBuyerMaker': False, 'isBestMatch': True}{'id': 271097682, 'price': '0.06819200', 'qty': '2.45600000', 'quoteQty': '0.16747955', 'time': 1621952144387, 'isBuyerMaker': False, 'isBestMatch': True}{'id': 271097683, 'price': '0.06819700', 'qty': '0.00200000', 'quoteQty': '0.00013639', 'time': 1621952144535, 'isBuyerMaker': False, 'isBestMatch': True}{'id': 271097684, 'price': '0.06819700', 'qty': '0.12300000', 'quoteQty': '0.00838823', 'time': 1621952144535, 'isBuyerMaker': False, 'isBestMatch': True}{'id': 271097685, 'price': '0.06819700', 'qty': '0.12500000', 'quoteQty': '0.00852462', 'time': 1621952144537, 'isBuyerMaker': False, 'isBestMatch': True}{'id': 271097686, 'price': '0.06819600', 'qty': '4.00000000', 'quoteQty': '0.27278400', 'time': 1621952144546, 'isBuyerMaker': True, 'isBestMatch': True}{'id': 271097687, 'price': '0.06819600', 'qty': '1.46100000', 'quoteQty': '0.09963435', 'time': 1621952144546, 'isBuyerMaker': True, 'isBestMatch': True}{'id': 271097688, 'price': '0.06819700', 'qty': '0.27400000', 'quoteQty': '0.01868597', 'time': 1621952144555, 'isBuyerMaker': False, 'isBestMatch': True}{'id': 271097689, 'price': '0.06819900', 'qty': '1.03200000', 'quoteQty': '0.07038136', 'time': 1621952145807, 'isBuyerMaker': True, 'isBestMatch': True}{'id': 271097690, 'price': '0.06819900', 'qty': '0.08200000', 'quoteQty': '0.00559231', 'time': 1621952145855, 'isBuyerMaker': True, 'isBestMatch': True}{'id': 271097691, 'price': '0.06819600', 'qty': '0.22100000', 'quoteQty': '0.01507131', 'time': 1621952145903, 'isBuyerMaker': True, 'isBestMatch': True}{'id': 271097692, 'price': '0.06819200', 'qty': '0.14700000', 'quoteQty': '0.01002422', 'time': 1621952147891, 'isBuyerMaker': False, 'isBestMatch': True}{'id': 271097693, 'price': '0.06819800', 'qty': '0.12500000', 'quoteQty': '0.00852475', 'time': 1621952148161, 'isBuyerMaker': False, 'isBestMatch': True}{'id': 271097694, 'price': '0.06819800', 'qty': '0.14500000', 'quoteQty': '0.00988871', 'time': 1621952148173, 'isBuyerMaker': False, 'isBestMatch': True}{'id': 271097695, 'price': '0.06819800', 'qty': '0.08000000', 'quoteQty': '0.00545584', 'time': 1621952148174, 'isBuyerMaker': False, 'isBestMatch': True}{'id': 271097696, 'price': '0.06819800', 'qty': '38.09800000', 'quoteQty': '2.59820740', 'time': 1621952148185, 'isBuyerMaker': False, 'isBestMatch': True}{'id': 271097697, 'price': '0.06819800', 'qty': '0.78000000', 'quoteQty': '0.05319444', 'time': 1621952148191, 'isBuyerMaker': False, 'isBestMatch': True}{'id': 271097698, 'price': '0.06819800', 'qty': '1.30000000', 'quoteQty': '0.08865740', 'time': 1621952148193, 'isBuyerMaker': False, 'isBestMatch': True}{'id': 271097699, 'price': '0.06819800', 'qty': '1.30000000', 'quoteQty': '0.08865740', 'time': 1621952148193, 'isBuyerMaker': False, 'isBestMatch': True}{'id': 271097700, 'price': '0.06819800', 'qty': '1.57900000', 'quoteQty': '0.10768464', 'time': 1621952148199, 'isBuyerMaker': False, 'isBestMatch': True}{'id': 271097701, 'price': '0.06819800', 'qty': '2.07700000', 'quoteQty': '0.14164724', 'time': 1621952148200, 'isBuyerMaker': False, 'isBestMatch': True}{'id': 271097702, 'price': '0.06819800', 'qty': '1.82300000', 'quoteQty': '0.12432495', 'time': 1621952148200, 'isBuyerMaker': False, 'isBestMatch': True}{'id': 271097703, 'price': '0.06819800', 'qty': '6.23000000', 'quoteQty': '0.42487354', 'time': 1621952148201, 'isBuyerMaker': False, 'isBestMatch': True}{'id': 271097704, 'price': '0.06820000', 'qty': '0.49700000', 'quoteQty': '0.03389540', 'time': 1621952148223, 'isBuyerMaker': False, 'isBestMatch': True}{'id': 271097705, 'price': '0.06821000', 'qty': '0.01000000', 'quoteQty': '0.00068210', 'time': 1621952148343, 'isBuyerMaker': False, 'isBestMatch': True}{'id': 271097706, 'price': '0.06821500', 'qty': '0.58600000', 'quoteQty': '0.03997399', 'time': 1621952149360, 'isBuyerMaker': True, 'isBestMatch': True}{'id': 271097707, 'price': '0.06821500', 'qty': '2.60000000', 'quoteQty': '0.17735900', 'time': 1621952149377, 'isBuyerMaker': True, 'isBestMatch': True}{'id': 271097708, 'price': '0.06819900', 'qty': '0.27000000', 'quoteQty': '0.01841373', 'time': 1621952149399, 'isBuyerMaker': True, 'isBestMatch': True}{'id': 271097709, 'price': '0.06819800', 'qty': '2.28900000', 'quoteQty': '0.15610522', 'time': 1621952149399, 'isBuyerMaker': True, 'isBestMatch': True}{'id': 271097710, 'price': '0.06819200', 'qty': '1.57000000', 'quoteQty': '0.10706144', 'time': 1621952149452, 'isBuyerMaker': True, 'isBestMatch': True}{'id': 271097711, 'price': '0.06819000', 'qty': '0.27100000', 'quoteQty': '0.01847949', 'time': 1621952149495, 'isBuyerMaker': True, 'isBestMatch': True}{'id': 271097712, 'price': '0.06819900', 'qty': '0.07900000', 'quoteQty': '0.00538772', 'time': 1621952150044, 'isBuyerMaker': False, 'isBestMatch': True}{'id': 271097713, 'price': '0.06818800', 'qty': '0.00500000', 'quoteQty': '0.00034094', 'time': 1621952150402, 'isBuyerMaker': True, 'isBestMatch': True}{'id': 271097714, 'price': '0.06817300', 'qty': '0.27000000', 'quoteQty': '0.01840671', 'time': 1621952150450, 'isBuyerMaker': True, 'isBestMatch': True}{'id': 271097715, 'price': '0.06817300', 'qty': '0.23200000', 'quoteQty': '0.01581613', 'time': 1621952150555, 'isBuyerMaker': True, 'isBestMatch': True}{'id': 271097716, 'price': '0.06817300', 'qty': '0.21700000', 'quoteQty': '0.01479354', 'time': 1621952150672, 'isBuyerMaker': True, 'isBestMatch': True}{'id': 271097717, 'price': '0.06818100', 'qty': '0.48900000', 'quoteQty': '0.03334050', 'time': 1621952151257, 'isBuyerMaker': True, 'isBestMatch': True}{'id': 271097718, 'price': '0.06818100', 'qty': '2.93000000', 'quoteQty': '0.19977033', 'time': 1621952151308, 'isBuyerMaker': True, 'isBestMatch': True}{'id': 271097719, 'price': '0.06817300', 'qty': '0.29300000', 'quoteQty': '0.01997468', 'time': 1621952151406, 'isBuyerMaker': True, 'isBestMatch': True}{'id': 271097720, 'price': '0.06816200', 'qty': '0.00600000', 'quoteQty': '0.00040897', 'time': 1621952151459, 'isBuyerMaker': True, 'isBestMatch': True}{'id': 271097721, 'price': '0.06815800', 'qty': '0.27300000', 'quoteQty': '0.01860713', 'time': 1621952151459, 'isBuyerMaker': True, 'isBestMatch': True}{'id': 271097722, 'price': '0.06815600', 'qty': '0.00400000', 'quoteQty': '0.00027262', 'time': 1621952151459, 'isBuyerMaker': True, 'isBestMatch': True}{'id': 271097723, 'price': '0.06817600', 'qty': '0.50000000', 'quoteQty': '0.03408800', 'time': 1621952151515, 'isBuyerMaker': False, 'isBestMatch': True}{'id': 271097724, 'price': '0.06817700', 'qty': '0.00500000', 'quoteQty': '0.00034088', 'time': 1621952151628, 'isBuyerMaker': False, 'isBestMatch': True}{'id': 271097725, 'price': '0.06817700', 'qty': '0.00200000', 'quoteQty': '0.00013635', 'time': 1621952152050, 'isBuyerMaker': False, 'isBestMatch': True}{'id': 271097726, 'price': '0.06818200', 'qty': '0.00200000', 'quoteQty': '0.00013636', 'time': 1621952152800, 'isBuyerMaker': False, 'isBestMatch': True}{'id': 271097727, 'price': '0.06817200', 'qty': '3.99700000', 'quoteQty': '0.27248348', 'time': 1621952152969, 'isBuyerMaker': True, 'isBestMatch': True}{'id': 271097728, 'price': '0.06817000', 'qty': '3.84000000', 'quoteQty': '0.26177280', 'time': 1621952152969, 'isBuyerMaker': True, 'isBestMatch': True}{'id': 271097729, 'price': '0.06815800', 'qty': '0.35000000', 'quoteQty': '0.02385530', 'time': 1621952152969, 'isBuyerMaker': True, 'isBestMatch': True}{'id': 271097730, 'price': '0.06815600', 'qty': '0.00500000', 'quoteQty': '0.00034078', 'time': 1621952152969, 'isBuyerMaker': True, 'isBestMatch': True}{'id': 271097731, 'price': '0.06815100', 'qty': '0.25900000', 'quoteQty': '0.01765110', 'time': 1621952152969, 'isBuyerMaker': True, 'isBestMatch': True}{'id': 271097732, 'price': '0.06815000', 'qty': '3.92500000', 'quoteQty': '0.26748875', 'time': 1621952152969, 'isBuyerMaker': True, 'isBestMatch': True}{'id': 271097733, 'price': '0.06814900', 'qty': '7.41200000', 'quoteQty': '0.50512038', 'time': 1621952152969, 'isBuyerMaker': True, 'isBestMatch': True}{'id': 271097734, 'price': '0.06814900', 'qty': '0.26000000', 'quoteQty': '0.01771874', 'time': 1621952152969, 'isBuyerMaker': True, 'isBestMatch': True}{'id': 271097735, 'price': '0.06814800', 'qty': '3.14300000', 'quoteQty': '0.21418916', 'time': 1621952152969, 'isBuyerMaker': True, 'isBestMatch': True}{'id': 271097736, 'price': '0.06814200', 'qty': '0.01000000', 'quoteQty': '0.00068142', 'time': 1621952152969, 'isBuyerMaker': True, 'isBestMatch': True}{'id': 271097737, 'price': '0.06813900', 'qty': '2.25000000', 'quoteQty': '0.15331275', 'time': 1621952152969, 'isBuyerMaker': True, 'isBestMatch': True}{'id': 271097738, 'price': '0.06813800', 'qty': '1.53300000', 'quoteQty': '0.10445555', 'time': 1621952152969, 'isBuyerMaker': True, 'isBestMatch': True}{'id': 271097739, 'price': '0.06813600', 'qty': '0.03000000', 'quoteQty': '0.00204408', 'time': 1621952152969, 'isBuyerMaker': True, 'isBestMatch': True}{'id': 271097740, 'price': '0.06813400', 'qty': '0.00300000', 'quoteQty': '0.00020440', 'time': 1621952152969, 'isBuyerMaker': True, 'isBestMatch': True}{'id': 271097741, 'price': '0.06813400', 'qty': '0.01800000', 'quoteQty': '0.00122641', 'time': 1621952152969, 'isBuyerMaker': True, 'isBestMatch': True}{'id': 271097742, 'price': '0.06813400', 'qty': '0.00800000', 'quoteQty': '0.00054507', 'time': 1621952152969, 'isBuyerMaker': True, 'isBestMatch': True}{'id': 271097743, 'price': '0.06813300', 'qty': '0.27000000', 'quoteQty': '0.01839591', 'time': 1621952152969, 'isBuyerMaker': True, 'isBestMatch': True}{'id': 271097744, 'price': '0.06812800', 'qty': '0.92200000', 'quoteQty': '0.06281401', 'time': 1621952152969, 'isBuyerMaker': True, 'isBestMatch': True}{'id': 271097745, 'price': '0.06812500', 'qty': '7.81900000', 'quoteQty': '0.53266937', 'time': 1621952152969, 'isBuyerMaker': True, 'isBestMatch': True}{'id': 271097746, 'price': '0.06812200', 'qty': '0.01300000', 'quoteQty': '0.00088558', 'time': 1621952152969, 'isBuyerMaker': True, 'isBestMatch': True}{'id': 271097747, 'price': '0.06811700', 'qty': '0.15000000', 'quoteQty': '0.01021755', 'time': 1621952152969, 'isBuyerMaker': True, 'isBestMatch': True}{'id': 271097748, 'price': '0.06811200', 'qty': '0.00300000', 'quoteQty': '0.00020433', 'time': 1621952152969, 'isBuyerMaker': True, 'isBestMatch': True}{'id': 271097749, 'price': '0.06811200', 'qty': '11.41200000', 'quoteQty': '0.77729414', 'time': 1621952152969, 'isBuyerMaker': True, 'isBestMatch': True}{'id': 271097750, 'price': '0.06811100', 'qty': '5.00900000', 'quoteQty': '0.34116799', 'time': 1621952152969, 'isBuyerMaker': True, 'isBestMatch': True}{'id': 271097751, 'price': '0.06811000', 'qty': '4.39400000', 'quoteQty': '0.29927534', 'time': 1621952152969, 'isBuyerMaker': True, 'isBestMatch': True}{'id': 271097752, 'price': '0.06815300', 'qty': '0.03000000', 'quoteQty': '0.00204459', 'time': 1621952153594, 'isBuyerMaker': False, 'isBestMatch': True}{'id': 271097753, 'price': '0.06815300', 'qty': '0.08900000', 'quoteQty': '0.00606561', 'time': 1621952154236, 'isBuyerMaker': False, 'isBestMatch': True}{'id': 271097754, 'price': '0.06815600', 'qty': '0.06500000', 'quoteQty': '0.00443014', 'time': 1621952154493, 'isBuyerMaker': False, 'isBestMatch': True}{'id': 271097755, 'price': '0.06815600', 'qty': '0.00300000', 'quoteQty': '0.00020446', 'time': 1621952154533, 'isBuyerMaker': False, 'isBestMatch': True}{'id': 271097756, 'price': '0.06815600', 'qty': '0.00800000', 'quoteQty': '0.00054524', 'time': 1621952154596, 'isBuyerMaker': False, 'isBestMatch': True}{'id': 271097757, 'price': '0.06815600', 'qty': '0.19400000', 'quoteQty': '0.01322226', 'time': 1621952154679, 'isBuyerMaker': False, 'isBestMatch': True}{'id': 271097758, 'price': '0.06816400', 'qty': '0.27000000', 'quoteQty': '0.01840428', 'time': 1621952154747, 'isBuyerMaker': False, 'isBestMatch': True}{'id': 271097759, 'price': '0.06816400', 'qty': '7.50000000', 'quoteQty': '0.51123000', 'time': 1621952154747, 'isBuyerMaker': False, 'isBestMatch': True}{'id': 271097760, 'price': '0.06818200', 'qty': '0.01000000', 'quoteQty': '0.00068182', 'time': 1621952156241, 'isBuyerMaker': False, 'isBestMatch': True}{'id': 271097761, 'price': '0.06818200', 'qty': '0.00400000', 'quoteQty': '0.00027272', 'time': 1621952156241, 'isBuyerMaker': False, 'isBestMatch': True}{'id': 271097762, 'price': '0.06818100', 'qty': '0.80900000', 'quoteQty': '0.05515842', 'time': 1621952157827, 'isBuyerMaker': False, 'isBestMatch': True}{'id': 271097763, 'price': '0.06818100', 'qty': '0.00200000', 'quoteQty': '0.00013636', 'time': 1621952158014, 'isBuyerMaker': False, 'isBestMatch': True}{'id': 271097764, 'price': '0.06817800', 'qty': '0.07800000', 'quoteQty': '0.00531788', 'time': 1621952158223, 'isBuyerMaker': False, 'isBestMatch': True}{'id': 271097765, 'price': '0.06817800', 'qty': '2.42200000', 'quoteQty': '0.16512711', 'time': 1621952158239, 'isBuyerMaker': False, 'isBestMatch': True}{'id': 271097766, 'price': '0.06817800', 'qty': '3.10000000', 'quoteQty': '0.21135180', 'time': 1621952158239, 'isBuyerMaker': False, 'isBestMatch': True}{'id': 271097767, 'price': '0.06819700', 'qty': '0.34900000', 'quoteQty': '0.02380075', 'time': 1621952158239, 'isBuyerMaker': False, 'isBestMatch': True}{'id': 271097768, 'price': '0.06820100', 'qty': '0.27500000', 'quoteQty': '0.01875527', 'time': 1621952158239, 'isBuyerMaker': False, 'isBestMatch': True}{'id': 271097769, 'price': '0.06820200', 'qty': '0.26500000', 'quoteQty': '0.01807353', 'time': 1621952158239, 'isBuyerMaker': False, 'isBestMatch': True}{'id': 271097770, 'price': '0.06820700', 'qty': '2.07300000', 'quoteQty': '0.14139311', 'time': 1621952158239, 'isBuyerMaker': False, 'isBestMatch': True}{'id': 271097771, 'price': '0.06817700', 'qty': '0.00200000', 'quoteQty': '0.00013635', 'time': 1621952159612, 'isBuyerMaker': True, 'isBestMatch': True}{'id': 271097772, 'price': '0.06817300', 'qty': '0.01900000', 'quoteQty': '0.00129528', 'time': 1621952159614, 'isBuyerMaker': True, 'isBestMatch': True}{'id': 271097773, 'price': '0.06817100', 'qty': '0.07300000', 'quoteQty': '0.00497648', 'time': 1621952159614, 'isBuyerMaker': True, 'isBestMatch': True}{'id': 271097774, 'price': '0.06816500', 'qty': '0.26200000', 'quoteQty': '0.01785923', 'time': 1621952159614, 'isBuyerMaker': True, 'isBestMatch': True}{'id': 271097775, 'price': '0.06816200', 'qty': '0.26400000', 'quoteQty': '0.01799476', 'time': 1621952159614, 'isBuyerMaker': True, 'isBestMatch': True}{'id': 271097776, 'price': '0.06816000', 'qty': '4.25100000', 'quoteQty': '0.28974816', 'time': 1621952159614, 'isBuyerMaker': True, 'isBestMatch': True}{'id': 271097777, 'price': '0.06815600', 'qty': '0.00900000', 'quoteQty': '0.00061340', 'time': 1621952159846, 'isBuyerMaker': True, 'isBestMatch': True}{'id': 271097778, 'price': '0.06815600', 'qty': '0.00700000', 'quoteQty': '0.00047709', 'time': 1621952159846, 'isBuyerMaker': True, 'isBestMatch': True}{'id': 271097779, 'price': '0.06815600', 'qty': '0.00800000', 'quoteQty': '0.00054524', 'time': 1621952159846, 'isBuyerMaker': True, 'isBestMatch': True}{'id': 271097780, 'price': '0.06815600', 'qty': '0.00500000', 'quoteQty': '0.00034078', 'time': 1621952159846, 'isBuyerMaker': True, 'isBestMatch': True}{'id': 271097781, 'price': '0.06815600', 'qty': '0.00300000', 'quoteQty': '0.00020446', 'time': 1621952159846, 'isBuyerMaker': True, 'isBestMatch': True}{'id': 271097782, 'price': '0.06814000', 'qty': '0.00200000', 'quoteQty': '0.00013628', 'time': 1621952160144, 'isBuyerMaker': True, 'isBestMatch': True}{'id': 271097783, 'price': '0.06813800', 'qty': '0.00800000', 'quoteQty': '0.00054510', 'time': 1621952160144, 'isBuyerMaker': True, 'isBestMatch': True}{'id': 271097784, 'price': '0.06815600', 'qty': '2.90400000', 'quoteQty': '0.19792502', 'time': 1621952161797, 'isBuyerMaker': True, 'isBestMatch': True}{'id': 271097785, 'price': '0.06817900', 'qty': '0.00500000', 'quoteQty': '0.00034089', 'time': 1621952162982, 'isBuyerMaker': False, 'isBestMatch': True}{'id': 271097786, 'price': '0.06815400', 'qty': '0.04000000', 'quoteQty': '0.00272616', 'time': 1621952163148, 'isBuyerMaker': True, 'isBestMatch': True}{'id': 271097787, 'price': '0.06815400', 'qty': '1.67400000', 'quoteQty': '0.11408979', 'time': 1621952163206, 'isBuyerMaker': True, 'isBestMatch': True}{'id': 271097788, 'price': '0.06815400', 'qty': '0.00700000', 'quoteQty': '0.00047707', 'time': 1621952163293, 'isBuyerMaker': True, 'isBestMatch': True}{'id': 271097789, 'price': '0.06815400', 'qty': '2.00000000', 'quoteQty': '0.13630800', 'time': 1621952163351, 'isBuyerMaker': True, 'isBestMatch': True}{'id': 271097790, 'price': '0.06815500', 'qty': '1.83200000', 'quoteQty': '0.12485996', 'time': 1621952163628, 'isBuyerMaker': False, 'isBestMatch': True}{'id': 271097791, 'price': '0.06815600', 'qty': '0.00200000', 'quoteQty': '0.00013631', 'time': 1621952163886, 'isBuyerMaker': True, 'isBestMatch': True}{'id': 271097792, 'price': '0.06818500', 'qty': '0.18800000', 'quoteQty': '0.01281878', 'time': 1621952165027, 'isBuyerMaker': False, 'isBestMatch': True}{'id': 271097793, 'price': '0.06818600', 'qty': '0.00400000', 'quoteQty': '0.00027274', 'time': 1621952165180, 'isBuyerMaker': False, 'isBestMatch': True}{'id': 271097794, 'price': '0.06818600', 'qty': '0.00800000', 'quoteQty': '0.00054548', 'time': 1621952165186, 'isBuyerMaker': False, 'isBestMatch': True}{'id': 271097795, 'price': '0.06817300', 'qty': '0.24000000', 'quoteQty': '0.01636152', 'time': 1621952165676, 'isBuyerMaker': True, 'isBestMatch': True}{'id': 271097796, 'price': '0.06818500', 'qty': '0.08600000', 'quoteQty': '0.00586391', 'time': 1621952166752, 'isBuyerMaker': True, 'isBestMatch': True}{'id': 271097797, 'price': '0.06820300', 'qty': '0.08600000', 'quoteQty': '0.00586545', 'time': 1621952166752, 'isBuyerMaker': False, 'isBestMatch': True}{'id': 271097798, 'price': '0.06819200', 'qty': '2.00000000', 'quoteQty': '0.13638400', 'time': 1621952167049, 'isBuyerMaker': True, 'isBestMatch': True}{'id': 271097799, 'price': '0.06819000', 'qty': '3.84000000', 'quoteQty': '0.26184960', 'time': 1621952167049, 'isBuyerMaker': True, 'isBestMatch': True}{'id': 271097800, 'price': '0.06818500', 'qty': '3.75400000', 'quoteQty': '0.25596649', 'time': 1621952167049, 'isBuyerMaker': True, 'isBestMatch': True}{'id': 271097801, 'price': '0.06818200', 'qty': '1.80500000', 'quoteQty': '0.12306851', 'time': 1621952167049, 'isBuyerMaker': True, 'isBestMatch': True}{'id': 271097802, 'price': '0.06818100', 'qty': '9.67000000', 'quoteQty': '0.65931027', 'time': 1621952167049, 'isBuyerMaker': True, 'isBestMatch': True}{'id': 271097803, 'price': '0.06818100', 'qty': '0.05200000', 'quoteQty': '0.00354541', 'time': 1621952167049, 'isBuyerMaker': True, 'isBestMatch': True}{'id': 271097804, 'price': '0.06816900', 'qty': '0.28000000', 'quoteQty': '0.01908732', 'time': 1621952167049, 'isBuyerMaker': True, 'isBestMatch': True}{'id': 271097805, 'price': '0.06816100', 'qty': '0.26200000', 'quoteQty': '0.01785818', 'time': 1621952167049, 'isBuyerMaker': True, 'isBestMatch': True}{'id': 271097806, 'price': '0.06815900', 'qty': '0.26700000', 'quoteQty': '0.01819845', 'time': 1621952167049, 'isBuyerMaker': True, 'isBestMatch': True}{'id': 271097807, 'price': '0.06815800', 'qty': '0.00700000', 'quoteQty': '0.00047710', 'time': 1621952167049, 'isBuyerMaker': True, 'isBestMatch': True}{'id': 271097808, 'price': '0.06815400', 'qty': '0.26500000', 'quoteQty': '0.01806081', 'time': 1621952167049, 'isBuyerMaker': True, 'isBestMatch': True}{'id': 271097809, 'price': '0.06815400', 'qty': '2.27600000', 'quoteQty': '0.15511850', 'time': 1621952167049, 'isBuyerMaker': True, 'isBestMatch': True}{'id': 271097810, 'price': '0.06815400', 'qty': '0.00300000', 'quoteQty': '0.00020446', 'time': 1621952167049, 'isBuyerMaker': True, 'isBestMatch': True}{'id': 271097811, 'price': '0.06815300', 'qty': '7.26100000', 'quoteQty': '0.49485893', 'time': 1621952167049, 'isBuyerMaker': True, 'isBestMatch': True}{'id': 271097812, 'price': '0.06819000', 'qty': '3.84000000', 'quoteQty': '0.26184960', 'time': 1621952167067, 'isBuyerMaker': True, 'isBestMatch': True}{'id': 271097813, 'price': '0.06815700', 'qty': '0.04000000', 'quoteQty': '0.00272628', 'time': 1621952167278, 'isBuyerMaker': True, 'isBestMatch': True}{'id': 271097814, 'price': '0.06815700', 'qty': '0.01600000', 'quoteQty': '0.00109051', 'time': 1621952167278, 'isBuyerMaker': True, 'isBestMatch': True}{'id': 271097815, 'price': '0.06815800', 'qty': '0.04000000', 'quoteQty': '0.00272632', 'time': 1621952167381, 'isBuyerMaker': True, 'isBestMatch': True}{'id': 271097816, 'price': '0.06815800', 'qty': '0.00400000', 'quoteQty': '0.00027263', 'time': 1621952167381, 'isBuyerMaker': True, 'isBestMatch': True}{'id': 271097817, 'price': '0.06815700', 'qty': '0.00200000', 'quoteQty': '0.00013631', 'time': 1621952167804, 'isBuyerMaker': True, 'isBestMatch': True}{'id': 271097818, 'price': '0.06815700', 'qty': '0.09400000', 'quoteQty': '0.00640675', 'time': 1621952167906, 'isBuyerMaker': True, 'isBestMatch': True}{'id': 271097819, 'price': '0.06815900', 'qty': '0.07300000', 'quoteQty': '0.00497560', 'time': 1621952168941, 'isBuyerMaker': False, 'isBestMatch': True}{'id': 271097820, 'price': '0.06815800', 'qty': '0.00300000', 'quoteQty': '0.00020447', 'time': 1621952169626, 'isBuyerMaker': True, 'isBestMatch': True}{'id': 271097821, 'price': '0.06815400', 'qty': '0.00700000', 'quoteQty': '0.00047707', 'time': 1621952169745, 'isBuyerMaker': True, 'isBestMatch': True}{'id': 271097822, 'price': '0.06815100', 'qty': '0.09200000', 'quoteQty': '0.00626989', 'time': 1621952171341, 'isBuyerMaker': False, 'isBestMatch': True}{'id': 271097823, 'price': '0.06816100', 'qty': '0.24600000', 'quoteQty': '0.01676760', 'time': 1621952171695, 'isBuyerMaker': False, 'isBestMatch': True}{'id': 271097824, 'price': '0.06817100', 'qty': '0.05400000', 'quoteQty': '0.00368123', 'time': 1621952172693, 'isBuyerMaker': False, 'isBestMatch': True}{'id': 271097825, 'price': '0.06817300', 'qty': '0.13800000', 'quoteQty': '0.00940787', 'time': 1621952172746, 'isBuyerMaker': False, 'isBestMatch': True}{'id': 271097826, 'price': '0.06817500', 'qty': '0.00700000', 'quoteQty': '0.00047722', 'time': 1621952173425, 'isBuyerMaker': False, 'isBestMatch': True}{'id': 271097827, 'price': '0.06817000', 'qty': '0.00600000', 'quoteQty': '0.00040902', 'time': 1621952173451, 'isBuyerMaker': True, 'isBestMatch': True}{'id': 271097828, 'price': '0.06817000', 'qty': '0.00800000', 'quoteQty': '0.00054536', 'time': 1621952173451, 'isBuyerMaker': True, 'isBestMatch': True}{'id': 271097829, 'price': '0.06815800', 'qty': '0.00300000', 'quoteQty': '0.00020447', 'time': 1621952175590, 'isBuyerMaker': True, 'isBestMatch': True}{'id': 271097830, 'price': '0.06815400', 'qty': '0.04100000', 'quoteQty': '0.00279431', 'time': 1621952175809, 'isBuyerMaker': False, 'isBestMatch': True}{'id': 271097831, 'price': '0.06815500', 'qty': '0.02900000', 'quoteQty': '0.00197649', 'time': 1621952175809, 'isBuyerMaker': False, 'isBestMatch': True}{'id': 271097832, 'price': '0.06815500', 'qty': '0.00500000', 'quoteQty': '0.00034077', 'time': 1621952176074, 'isBuyerMaker': False, 'isBestMatch': True}{'id': 271097833, 'price': '0.06814100', 'qty': '0.00200000', 'quoteQty': '0.00013628', 'time': 1621952176523, 'isBuyerMaker': False, 'isBestMatch': True}{'id': 271097834, 'price': '0.06814100', 'qty': '0.00300000', 'quoteQty': '0.00020442', 'time': 1621952177068, 'isBuyerMaker': False, 'isBestMatch': True}{'id': 271097835, 'price': '0.06814100', 'qty': '0.00600000', 'quoteQty': '0.00040884', 'time': 1621952177243, 'isBuyerMaker': False, 'isBestMatch': True}{'id': 271097836, 'price': '0.06814000', 'qty': '0.00200000', 'quoteQty': '0.00013628', 'time': 1621952177852, 'isBuyerMaker': False, 'isBestMatch': True}{'id': 271097837, 'price': '0.06814100', 'qty': '0.09300000', 'quoteQty': '0.00633711', 'time': 1621952178236, 'isBuyerMaker': False, 'isBestMatch': True}{'id': 271097838, 'price': '0.06814700', 'qty': '0.05300000', 'quoteQty': '0.00361179', 'time': 1621952178236, 'isBuyerMaker': False, 'isBestMatch': True}{'id': 271097839, 'price': '0.06815600', 'qty': '2.87600000', 'quoteQty': '0.19601665', 'time': 1621952178236, 'isBuyerMaker': False, 'isBestMatch': True}{'id': 271097840, 'price': '0.06815700', 'qty': '3.60200000', 'quoteQty': '0.24550151', 'time': 1621952178236, 'isBuyerMaker': False, 'isBestMatch': True}{'id': 271097841, 'price': '0.06815400', 'qty': '0.00300000', 'quoteQty': '0.00020446', 'time': 1621952178980, 'isBuyerMaker': False, 'isBestMatch': True}{'id': 271097842, 'price': '0.06815800', 'qty': '0.00600000', 'quoteQty': '0.00040894', 'time': 1621952179029, 'isBuyerMaker': False, 'isBestMatch': True}{'id': 271097843, 'price': '0.06816800', 'qty': '0.04800000', 'quoteQty': '0.00327206', 'time': 1621952179363, 'isBuyerMaker': False, 'isBestMatch': True}{'id': 271097844, 'price': '0.06817400', 'qty': '0.16700000', 'quoteQty': '0.01138505', 'time': 1621952179363, 'isBuyerMaker': False, 'isBestMatch': True}{'id': 271097845, 'price': '0.06814100', 'qty': '0.00200000', 'quoteQty': '0.00013628', 'time': 1621952179637, 'isBuyerMaker': True, 'isBestMatch': True}{'id': 271097846, 'price': '0.06816700', 'qty': '0.04700000', 'quoteQty': '0.00320384', 'time': 1621952180001, 'isBuyerMaker': False, 'isBestMatch': True}{'id': 271097847, 'price': '0.06816800', 'qty': '0.69300000', 'quoteQty': '0.04724042', 'time': 1621952180001, 'isBuyerMaker': False, 'isBestMatch': True}{'id': 271097848, 'price': '0.06815900', 'qty': '0.04500000', 'quoteQty': '0.00306715', 'time': 1621952181753, 'isBuyerMaker': False, 'isBestMatch': True}{'id': 271097849, 'price': '0.06816000', 'qty': '0.12100000', 'quoteQty': '0.00824736', 'time': 1621952181753, 'isBuyerMaker': False, 'isBestMatch': True}{'id': 271097850, 'price': '0.06815600', 'qty': '0.00300000', 'quoteQty': '0.00020446', 'time': 1621952182703, 'isBuyerMaker': False, 'isBestMatch': True}{'id': 271097851, 'price': '0.06816000', 'qty': '0.00500000', 'quoteQty': '0.00034080', 'time': 1621952182703, 'isBuyerMaker': False, 'isBestMatch': True}{'id': 271097852, 'price': '0.06816000', 'qty': '0.09200000', 'quoteQty': '0.00627072', 'time': 1621952183502, 'isBuyerMaker': False, 'isBestMatch': True}{'id': 271097853, 'price': '0.06815900', 'qty': '0.75800000', 'quoteQty': '0.05166452', 'time': 1621952183591, 'isBuyerMaker': False, 'isBestMatch': True}{'id': 271097854, 'price': '0.06816400', 'qty': '0.00600000', 'quoteQty': '0.00040898', 'time': 1621952184700, 'isBuyerMaker': False, 'isBestMatch': True}{'id': 271097855, 'price': '0.06818000', 'qty': '0.00700000', 'quoteQty': '0.00047726', 'time': 1621952185810, 'isBuyerMaker': False, 'isBestMatch': True}{'id': 271097856, 'price': '0.06816400', 'qty': '0.00300000', 'quoteQty': '0.00020449', 'time': 1621952187594, 'isBuyerMaker': False, 'isBestMatch': True}{'id': 271097857, 'price': '0.06816400', 'qty': '0.24700000', 'quoteQty': '0.01683650', 'time': 1621952187594, 'isBuyerMaker': False, 'isBestMatch': True}{'id': 271097858, 'price': '0.06816400', 'qty': '0.00700000', 'quoteQty': '0.00047714', 'time': 1621952187767, 'isBuyerMaker': False, 'isBestMatch': True}{'id': 271097859, 'price': '0.06816000', 'qty': '0.00200000', 'quoteQty': '0.00013632', 'time': 1621952188096, 'isBuyerMaker': True, 'isBestMatch': True}{'id': 271097860, 'price': '0.06816000', 'qty': '0.00800000', 'quoteQty': '0.00054528', 'time': 1621952188096, 'isBuyerMaker': True, 'isBestMatch': True}{'id': 271097861, 'price': '0.06815300', 'qty': '0.17100000', 'quoteQty': '0.01165416', 'time': 1621952189190, 'isBuyerMaker': True, 'isBestMatch': True}{'id': 271097862, 'price': '0.06814200', 'qty': '0.76300000', 'quoteQty': '0.05199234', 'time': 1621952189190, 'isBuyerMaker': True, 'isBestMatch': True}{'id': 271097863, 'price': '0.06814200', 'qty': '0.04300000', 'quoteQty': '0.00293010', 'time': 1621952189193, 'isBuyerMaker': True, 'isBestMatch': True}{'id': 271097864, 'price': '0.06814200', 'qty': '0.11700000', 'quoteQty': '0.00797261', 'time': 1621952190486, 'isBuyerMaker': False, 'isBestMatch': True}{'id': 271097865, 'price': '0.06814100', 'qty': '0.00300000', 'quoteQty': '0.00020442', 'time': 1621952191211, 'isBuyerMaker': True, 'isBestMatch': True}{'id': 271097866, 'price': '0.06814100', 'qty': '0.00400000', 'quoteQty': '0.00027256', 'time': 1621952191211, 'isBuyerMaker': True, 'isBestMatch': True}{'id': 271097867, 'price': '0.06814100', 'qty': '0.00300000', 'quoteQty': '0.00020442', 'time': 1621952191211, 'isBuyerMaker': True, 'isBestMatch': True}{'id': 271097868, 'price': '0.06813800', 'qty': '0.03100000', 'quoteQty': '0.00211227', 'time': 1621952191278, 'isBuyerMaker': True, 'isBestMatch': True}{'id': 271097869, 'price': '0.06813800', 'qty': '0.07000000', 'quoteQty': '0.00476966', 'time': 1621952191360, 'isBuyerMaker': True, 'isBestMatch': True}{'id': 271097870, 'price': '0.06813800', 'qty': '0.03000000', 'quoteQty': '0.00204414', 'time': 1621952191405, 'isBuyerMaker': True, 'isBestMatch': True}{'id': 271097871, 'price': '0.06813800', 'qty': '0.10400000', 'quoteQty': '0.00708635', 'time': 1621952191456, 'isBuyerMaker': True, 'isBestMatch': True}{'id': 271097872, 'price': '0.06813800', 'qty': '0.23400000', 'quoteQty': '0.01594429', 'time': 1621952191549, 'isBuyerMaker': True, 'isBestMatch': True}{'id': 271097873, 'price': '0.06813800', 'qty': '0.14600000', 'quoteQty': '0.00994814', 'time': 1621952191713, 'isBuyerMaker': True, 'isBestMatch': True}{'id': 271097874, 'price': '0.06813900', 'qty': '0.00500000', 'quoteQty': '0.00034069', 'time': 1621952191766, 'isBuyerMaker': False, 'isBestMatch': True}{'id': 271097875, 'price': '0.06813800', 'qty': '0.13100000', 'quoteQty': '0.00892607', 'time': 1621952191848, 'isBuyerMaker': True, 'isBestMatch': True}{'id': 271097876, 'price': '0.06813500', 'qty': '0.05900000', 'quoteQty': '0.00401996', 'time': 1621952192092, 'isBuyerMaker': False, 'isBestMatch': True}{'id': 271097877, 'price': '0.06814200', 'qty': '0.08300000', 'quoteQty': '0.00565578', 'time': 1621952192848, 'isBuyerMaker': False, 'isBestMatch': True}{'id': 271097878, 'price': '0.06815600', 'qty': '0.00300000', 'quoteQty': '0.00020446', 'time': 1621952193631, 'isBuyerMaker': False, 'isBestMatch': True}{'id': 271097879, 'price': '0.06815400', 'qty': '0.00600000', 'quoteQty': '0.00040892', 'time': 1621952193683, 'isBuyerMaker': False, 'isBestMatch': True}{'id': 271097880, 'price': '0.06815200', 'qty': '0.19500000', 'quoteQty': '0.01328964', 'time': 1621952193854, 'isBuyerMaker': False, 'isBestMatch': True}{'id': 271097881, 'price': '0.06815100', 'qty': '0.35800000', 'quoteQty': '0.02439805', 'time': 1621952194043, 'isBuyerMaker': False, 'isBestMatch': True}{'id': 271097882, 'price': '0.06815100', 'qty': '0.03200000', 'quoteQty': '0.00218083', 'time': 1621952194962, 'isBuyerMaker': True, 'isBestMatch': True}{'id': 271097883, 'price': '0.06815000', 'qty': '0.35000000', 'quoteQty': '0.02385250', 'time': 1621952197765, 'isBuyerMaker': True, 'isBestMatch': True}{'id': 271097884, 'price': '0.06813900', 'qty': '0.00500000', 'quoteQty': '0.00034069', 'time': 1621952199969, 'isBuyerMaker': True, 'isBestMatch': True}{'id': 271097885, 'price': '0.06813900', 'qty': '0.00200000', 'quoteQty': '0.00013627', 'time': 1621952199969, 'isBuyerMaker': True, 'isBestMatch': True}{'id': 271097886, 'price': '0.06813500', 'qty': '0.06200000', 'quoteQty': '0.00422437', 'time': 1621952199969, 'isBuyerMaker': True, 'isBestMatch': True}{'id': 271097887, 'price': '0.06813500', 'qty': '0.03400000', 'quoteQty': '0.00231659', 'time': 1621952199969, 'isBuyerMaker': True, 'isBestMatch': True}{'id': 271097888, 'price': '0.06814500', 'qty': '0.00300000', 'quoteQty': '0.00020443', 'time': 1621952200533, 'isBuyerMaker': False, 'isBestMatch': True}{'id': 271097889, 'price': '0.06814600', 'qty': '0.00500000', 'quoteQty': '0.00034073', 'time': 1621952200840, 'isBuyerMaker': False, 'isBestMatch': True}{'id': 271097890, 'price': '0.06813400', 'qty': '0.00700000', 'quoteQty': '0.00047693', 'time': 1621952201342, 'isBuyerMaker': True, 'isBestMatch': True}{'id': 271097891, 'price': '0.06813400', 'qty': '0.00800000', 'quoteQty': '0.00054507', 'time': 1621952201342, 'isBuyerMaker': True, 'isBestMatch': True}{'id': 271097892, 'price': '0.06812500', 'qty': '0.23400000', 'quoteQty': '0.01594125', 'time': 1621952201797, 'isBuyerMaker': True, 'isBestMatch': True}{'id': 271097893, 'price': '0.06812500', 'qty': '0.14600000', 'quoteQty': '0.00994625', 'time': 1621952201887, 'isBuyerMaker': True, 'isBestMatch': True}{'id': 271097894, 'price': '0.06812500', 'qty': '3.47400000', 'quoteQty': '0.23666625', 'time': 1621952201893, 'isBuyerMaker': True, 'isBestMatch': True}{'id': 271097895, 'price': '0.06811500', 'qty': '0.14600000', 'quoteQty': '0.00994479', 'time': 1621952202443, 'isBuyerMaker': True, 'isBestMatch': True}{'id': 271097896, 'price': '0.06811500', 'qty': '0.00400000', 'quoteQty': '0.00027246', 'time': 1621952202471, 'isBuyerMaker': True, 'isBestMatch': True}{'id': 271097897, 'price': '0.06811600', 'qty': '0.10800000', 'quoteQty': '0.00735652', 'time': 1621952202507, 'isBuyerMaker': False, 'isBestMatch': True}{'id': 271097898, 'price': '0.06810900', 'qty': '0.06100000', 'quoteQty': '0.00415464', 'time': 1621952202698, 'isBuyerMaker': True, 'isBestMatch': True}{'id': 271097899, 'price': '0.06810900', 'qty': '0.09200000', 'quoteQty': '0.00626602', 'time': 1621952202766, 'isBuyerMaker': False, 'isBestMatch': True}{'id': 271097900, 'price': '0.06810900', 'qty': '0.00900000', 'quoteQty': '0.00061298', 'time': 1621952202835, 'isBuyerMaker': False, 'isBestMatch': True}{'id': 271097901, 'price': '0.06810900', 'qty': '0.00200000', 'quoteQty': '0.00013621', 'time': 1621952202847, 'isBuyerMaker': False, 'isBestMatch': True}{'id': 271097902, 'price': '0.06810900', 'qty': '0.11600000', 'quoteQty': '0.00790064', 'time': 1621952203600, 'isBuyerMaker': False, 'isBestMatch': True}{'id': 271097903, 'price': '0.06810900', 'qty': '0.59300000', 'quoteQty': '0.04038863', 'time': 1621952203600, 'isBuyerMaker': False, 'isBestMatch': True}{'id': 271097904, 'price': '0.06811100', 'qty': '0.00300000', 'quoteQty': '0.00020433', 'time': 1621952203665, 'isBuyerMaker': False, 'isBestMatch': True}{'id': 271097905, 'price': '0.06811300', 'qty': '0.00400000', 'quoteQty': '0.00027245', 'time': 1621952203900, 'isBuyerMaker': False, 'isBestMatch': True}{'id': 271097906, 'price': '0.06811300', 'qty': '0.00300000', 'quoteQty': '0.00020433', 'time': 1621952203903, 'isBuyerMaker': False, 'isBestMatch': True}{'id': 271097907, 'price': '0.06811200', 'qty': '0.00700000', 'quoteQty': '0.00047678', 'time': 1621952203962, 'isBuyerMaker': True, 'isBestMatch': True}{'id': 271097908, 'price': '0.06811400', 'qty': '0.00800000', 'quoteQty': '0.00054491', 'time': 1621952205516, 'isBuyerMaker': False, 'isBestMatch': True}{'id': 271097909, 'price': '0.06810900', 'qty': '0.89700000', 'quoteQty': '0.06109377', 'time': 1621952205584, 'isBuyerMaker': False, 'isBestMatch': True}{'id': 271097910, 'price': '0.06810900', 'qty': '0.00300000', 'quoteQty': '0.00020432', 'time': 1621952205606, 'isBuyerMaker': False, 'isBestMatch': True}{'id': 271097911, 'price': '0.06810900', 'qty': '0.00400000', 'quoteQty': '0.00027243', 'time': 1621952206122, 'isBuyerMaker': False, 'isBestMatch': True}{'id': 271097912, 'price': '0.06810800', 'qty': '0.00600000', 'quoteQty': '0.00040864', 'time': 1621952206623, 'isBuyerMaker': True, 'isBestMatch': True}{'id': 271097913, 'price': '0.06810800', 'qty': '0.04200000', 'quoteQty': '0.00286053', 'time': 1621952206623, 'isBuyerMaker': True, 'isBestMatch': True}{'id': 271097914, 'price': '0.06810800', 'qty': '0.01700000', 'quoteQty': '0.00115783', 'time': 1621952206623, 'isBuyerMaker': True, 'isBestMatch': True}{'id': 271097915, 'price': '0.06810700', 'qty': '0.00300000', 'quoteQty': '0.00020432', 'time': 1621952206623, 'isBuyerMaker': True, 'isBestMatch': True}{'id': 271097916, 'price': '0.06810700', 'qty': '0.00600000', 'quoteQty': '0.00040864', 'time': 1621952206623, 'isBuyerMaker': True, 'isBestMatch': True}{'id': 271097917, 'price': '0.06810400', 'qty': '0.00700000', 'quoteQty': '0.00047672', 'time': 1621952206748, 'isBuyerMaker': True, 'isBestMatch': True}{'id': 271097918, 'price': '0.06810400', 'qty': '0.09300000', 'quoteQty': '0.00633367', 'time': 1621952206849, 'isBuyerMaker': True, 'isBestMatch': True}{'id': 271097919, 'price': '0.06810400', 'qty': '0.00600000', 'quoteQty': '0.00040862', 'time': 1621952206849, 'isBuyerMaker': True, 'isBestMatch': True}{'id': 271097920, 'price': '0.06810400', 'qty': '0.19400000', 'quoteQty': '0.01321217', 'time': 1621952206849, 'isBuyerMaker': True, 'isBestMatch': True}{'id': 271097921, 'price': '0.06810500', 'qty': '0.00600000', 'quoteQty': '0.00040863', 'time': 1621952206924, 'isBuyerMaker': False, 'isBestMatch': True}{'id': 271097922, 'price': '0.06810500', 'qty': '0.00200000', 'quoteQty': '0.00013621', 'time': 1621952206932, 'isBuyerMaker': False, 'isBestMatch': True}{'id': 271097923, 'price': '0.06810500', 'qty': '0.00300000', 'quoteQty': '0.00020431', 'time': 1621952206935, 'isBuyerMaker': False, 'isBestMatch': True}{'id': 271097924, 'price': '0.06810400', 'qty': '0.40000000', 'quoteQty': '0.02724160', 'time': 1621952207047, 'isBuyerMaker': True, 'isBestMatch': True}{'id': 271097925, 'price': '0.06810500', 'qty': '0.00500000', 'quoteQty': '0.00034052', 'time': 1621952207220, 'isBuyerMaker': False, 'isBestMatch': True}{'id': 271097926, 'price': '0.06810400', 'qty': '0.30200000', 'quoteQty': '0.02056740', 'time': 1621952207440, 'isBuyerMaker': True, 'isBestMatch': True}{'id': 271097927, 'price': '0.06810400', 'qty': '2.08000000', 'quoteQty': '0.14165632', 'time': 1621952207617, 'isBuyerMaker': False, 'isBestMatch': True}{'id': 271097928, 'price': '0.06810700', 'qty': '0.02900000', 'quoteQty': '0.00197510', 'time': 1621952208559, 'isBuyerMaker': False, 'isBestMatch': True}{'id': 271097929, 'price': '0.06810700', 'qty': '0.03600000', 'quoteQty': '0.00245185', 'time': 1621952208735, 'isBuyerMaker': False, 'isBestMatch': True}{'id': 271097930, 'price': '0.06810700', 'qty': '0.00200000', 'quoteQty': '0.00013621', 'time': 1621952208735, 'isBuyerMaker': False, 'isBestMatch': True}{'id': 271097931, 'price': '0.06810700', 'qty': '4.00000000', 'quoteQty': '0.27242800', 'time': 1621952208735, 'isBuyerMaker': False, 'isBestMatch': True}{'id': 271097932, 'price': '0.06810900', 'qty': '2.14500000', 'quoteQty': '0.14609380', 'time': 1621952208735, 'isBuyerMaker': False, 'isBestMatch': True}{'id': 271097933, 'price': '0.06811600', 'qty': '0.00200000', 'quoteQty': '0.00013623', 'time': 1621952209025, 'isBuyerMaker': False, 'isBestMatch': True}{'id': 271097934, 'price': '0.06812800', 'qty': '0.00400000', 'quoteQty': '0.00027251', 'time': 1621952209078, 'isBuyerMaker': False, 'isBestMatch': True}{'id': 271097935, 'price': '0.06811500', 'qty': '0.01700000', 'quoteQty': '0.00115795', 'time': 1621952210550, 'isBuyerMaker': True, 'isBestMatch': True}{'id': 271097936, 'price': '0.06812900', 'qty': '0.80000000', 'quoteQty': '0.05450320', 'time': 1621952212288, 'isBuyerMaker': False, 'isBestMatch': True}{'id': 271097937, 'price': '0.06812900', 'qty': '1.20000000', 'quoteQty': '0.08175480', 'time': 1621952212340, 'isBuyerMaker': False, 'isBestMatch': True}{'id': 271097938, 'price': '0.06813300', 'qty': '0.25300000', 'quoteQty': '0.01723764', 'time': 1621952212579, 'isBuyerMaker': False, 'isBestMatch': True}{'id': 271097939, 'price': '0.06813300', 'qty': '0.00400000', 'quoteQty': '0.00027253', 'time': 1621952213001, 'isBuyerMaker': False, 'isBestMatch': True}{'id': 271097940, 'price': '0.06812100', 'qty': '0.06000000', 'quoteQty': '0.00408726', 'time': 1621952213301, 'isBuyerMaker': False, 'isBestMatch': True}{'id': 271097941, 'price': '0.06812100', 'qty': '0.11800000', 'quoteQty': '0.00803827', 'time': 1621952213428, 'isBuyerMaker': False, 'isBestMatch': True}{'id': 271097942, 'price': '0.06812100', 'qty': '2.52400000', 'quoteQty': '0.17193740', 'time': 1621952213546, 'isBuyerMaker': False, 'isBestMatch': True}{'id': 271097943, 'price': '0.06813600', 'qty': '0.73400000', 'quoteQty': '0.05001182', 'time': 1621952214019, 'isBuyerMaker': False, 'isBestMatch': True}{'id': 271097944, 'price': '0.06813300', 'qty': '0.00600000', 'quoteQty': '0.00040879', 'time': 1621952214667, 'isBuyerMaker': False, 'isBestMatch': True}{'id': 271097945, 'price': '0.06815400', 'qty': '0.00400000', 'quoteQty': '0.00027261', 'time': 1621952215852, 'isBuyerMaker': False, 'isBestMatch': True}{'id': 271097946, 'price': '0.06813600', 'qty': '0.02200000', 'quoteQty': '0.00149899', 'time': 1621952219235, 'isBuyerMaker': False, 'isBestMatch': True}{'id': 271097947, 'price': '0.06813500', 'qty': '0.00200000', 'quoteQty': '0.00013627', 'time': 1621952220390, 'isBuyerMaker': True, 'isBestMatch': True}{'id': 271097948, 'price': '0.06813500', 'qty': '0.00800000', 'quoteQty': '0.00054508', 'time': 1621952220390, 'isBuyerMaker': True, 'isBestMatch': True}{'id': 271097949, 'price': '0.06813500', 'qty': '0.00600000', 'quoteQty': '0.00040881', 'time': 1621952220390, 'isBuyerMaker': True, 'isBestMatch': True}{'id': 271097950, 'price': '0.06813400', 'qty': '0.00700000', 'quoteQty': '0.00047693', 'time': 1621952220390, 'isBuyerMaker': True, 'isBestMatch': True}{'id': 271097951, 'price': '0.06813100', 'qty': '0.00700000', 'quoteQty': '0.00047691', 'time': 1621952220390, 'isBuyerMaker': True, 'isBestMatch': True}{'id': 271097952, 'price': '0.06812800', 'qty': '0.16500000', 'quoteQty': '0.01124112', 'time': 1621952220390, 'isBuyerMaker': True, 'isBestMatch': True}{'id': 271097953, 'price': '0.06811700', 'qty': '1.55600000', 'quoteQty': '0.10599005', 'time': 1621952220390, 'isBuyerMaker': True, 'isBestMatch': True}{'id': 271097954, 'price': '0.06815800', 'qty': '0.24800000', 'quoteQty': '0.01690318', 'time': 1621952220802, 'isBuyerMaker': False, 'isBestMatch': True}{'id': 271097955, 'price': '0.06815200', 'qty': '0.09200000', 'quoteQty': '0.00626998', 'time': 1621952221496, 'isBuyerMaker': False, 'isBestMatch': True}{'id': 271097956, 'price': '0.06815200', 'qty': '0.08400000', 'quoteQty': '0.00572476', 'time': 1621952221603, 'isBuyerMaker': False, 'isBestMatch': True}{'id': 271097957, 'price': '0.06813700', 'qty': '0.00200000', 'quoteQty': '0.00013627', 'time': 1621952223891, 'isBuyerMaker': False, 'isBestMatch': True}{'id': 271097958, 'price': '0.06814700', 'qty': '2.00000000', 'quoteQty': '0.13629400', 'time': 1621952225749, 'isBuyerMaker': False, 'isBestMatch': True}{'id': 271097959, 'price': '0.06814900', 'qty': '0.00600000', 'quoteQty': '0.00040889', 'time': 1621952225749, 'isBuyerMaker': False, 'isBestMatch': True}{'id': 271097960, 'price': '0.06814900', 'qty': '0.02000000', 'quoteQty': '0.00136298', 'time': 1621952225749, 'isBuyerMaker': False, 'isBestMatch': True}{'id': 271097961, 'price': '0.06815000', 'qty': '0.18400000', 'quoteQty': '0.01253960', 'time': 1621952225749, 'isBuyerMaker': False, 'isBestMatch': True}{'id': 271097962, 'price': '0.06815000', 'qty': '0.00700000', 'quoteQty': '0.00047705', 'time': 1621952225796, 'isBuyerMaker': True, 'isBestMatch': True}{'id': 271097963, 'price': '0.06815000', 'qty': '4.95000000', 'quoteQty': '0.33734250', 'time': 1621952225809, 'isBuyerMaker': True, 'isBestMatch': True}{'id': 271097964, 'price': '0.06815000', 'qty': '7.41000000', 'quoteQty': '0.50499150', 'time': 1621952225814, 'isBuyerMaker': True, 'isBestMatch': True}{'id': 271097965, 'price': '0.06813600', 'qty': '0.25000000', 'quoteQty': '0.01703400', 'time': 1621952226651, 'isBuyerMaker': True, 'isBestMatch': True}{'id': 271097966, 'price': '0.06813600', 'qty': '0.22400000', 'quoteQty': '0.01526246', 'time': 1621952228469, 'isBuyerMaker': True, 'isBestMatch': True}{'id': 271097967, 'price': '0.06813600', 'qty': '1.10900000', 'quoteQty': '0.07556282', 'time': 1621952228471, 'isBuyerMaker': True, 'isBestMatch': True}{'id': 271097968, 'price': '0.06813600', 'qty': '0.19100000', 'quoteQty': '0.01301397', 'time': 1621952228471, 'isBuyerMaker': True, 'isBestMatch': True}{'id': 271097969, 'price': '0.06813600', 'qty': '0.02900000', 'quoteQty': '0.00197594', 'time': 1621952228474, 'isBuyerMaker': True, 'isBestMatch': True}{'id': 271097970, 'price': '0.06813100', 'qty': '0.00200000', 'quoteQty': '0.00013626', 'time': 1621952228697, 'isBuyerMaker': False, 'isBestMatch': True}{'id': 271097971, 'price': '0.06812500', 'qty': '0.00600000', 'quoteQty': '0.00040875', 'time': 1621952228965, 'isBuyerMaker': False, 'isBestMatch': True}{'id': 271097972, 'price': '0.06811800', 'qty': '0.00700000', 'quoteQty': '0.00047682', 'time': 1621952229198, 'isBuyerMaker': False, 'isBestMatch': True}{'id': 271097973, 'price': '0.06811800', 'qty': '0.00700000', 'quoteQty': '0.00047682', 'time': 1621952229375, 'isBuyerMaker': False, 'isBestMatch': True}{'id': 271097974, 'price': '0.06811400', 'qty': '0.01800000', 'quoteQty': '0.00122605', 'time': 1621952229653, 'isBuyerMaker': True, 'isBestMatch': True}{'id': 271097975, 'price': '0.06811200', 'qty': '0.00300000', 'quoteQty': '0.00020433', 'time': 1621952230213, 'isBuyerMaker': True, 'isBestMatch': True}{'id': 271097976, 'price': '0.06810900', 'qty': '0.00600000', 'quoteQty': '0.00040865', 'time': 1621952230213, 'isBuyerMaker': True, 'isBestMatch': True}{'id': 271097977, 'price': '0.06810900', 'qty': '0.00200000', 'quoteQty': '0.00013621', 'time': 1621952230213, 'isBuyerMaker': True, 'isBestMatch': True}{'id': 271097978, 'price': '0.06810900', 'qty': '0.00700000', 'quoteQty': '0.00047676', 'time': 1621952230213, 'isBuyerMaker': True, 'isBestMatch': True}{'id': 271097979, 'price': '0.06810300', 'qty': '0.00400000', 'quoteQty': '0.00027241', 'time': 1621952230213, 'isBuyerMaker': True, 'isBestMatch': True}{'id': 271097980, 'price': '0.06810300', 'qty': '0.02000000', 'quoteQty': '0.00136206', 'time': 1621952230213, 'isBuyerMaker': True, 'isBestMatch': True}{'id': 271097981, 'price': '0.06810200', 'qty': '3.95800000', 'quoteQty': '0.26954771', 'time': 1621952230213, 'isBuyerMaker': True, 'isBestMatch': True}{'id': 271097982, 'price': '0.06812000', 'qty': '0.02900000', 'quoteQty': '0.00197548', 'time': 1621952230749, 'isBuyerMaker': False, 'isBestMatch': True}{'id': 271097983, 'price': '0.06811400', 'qty': '0.09300000', 'quoteQty': '0.00633460', 'time': 1621952231070, 'isBuyerMaker': False, 'isBestMatch': True}{'id': 271097984, 'price': '0.06811300', 'qty': '0.00800000', 'quoteQty': '0.00054490', 'time': 1621952232112, 'isBuyerMaker': False, 'isBestMatch': True}{'id': 271097985, 'price': '0.06810300', 'qty': '0.01500000', 'quoteQty': '0.00102154', 'time': 1621952232650, 'isBuyerMaker': True, 'isBestMatch': True}{'id': 271097986, 'price': '0.06811300', 'qty': '0.00500000', 'quoteQty': '0.00034056', 'time': 1621952232939, 'isBuyerMaker': False, 'isBestMatch': True}{'id': 271097987, 'price': '0.06811300', 'qty': '0.00600000', 'quoteQty': '0.00040867', 'time': 1621952232940, 'isBuyerMaker': False, 'isBestMatch': True}{'id': 271097988, 'price': '0.06811700', 'qty': '0.00200000', 'quoteQty': '0.00013623', 'time': 1621952233129, 'isBuyerMaker': False, 'isBestMatch': True}{'id': 271097989, 'price': '0.06811200', 'qty': '0.00700000', 'quoteQty': '0.00047678', 'time': 1621952233640, 'isBuyerMaker': True, 'isBestMatch': True}{'id': 271097990, 'price': '0.06810100', 'qty': '0.36800000', 'quoteQty': '0.02506116', 'time': 1621952233705, 'isBuyerMaker': True, 'isBestMatch': True}{'id': 271097991, 'price': '0.06810100', 'qty': '0.11300000', 'quoteQty': '0.00769541', 'time': 1621952233705, 'isBuyerMaker': True, 'isBestMatch': True}{'id': 271097992, 'price': '0.06810000', 'qty': '0.00700000', 'quoteQty': '0.00047670', 'time': 1621952233759, 'isBuyerMaker': True, 'isBestMatch': True}{'id': 271097993, 'price': '0.06809900', 'qty': '0.00600000', 'quoteQty': '0.00040859', 'time': 1621952233799, 'isBuyerMaker': True, 'isBestMatch': True}{'id': 271097994, 'price': '0.06809900', 'qty': '0.00800000', 'quoteQty': '0.00054479', 'time': 1621952233799, 'isBuyerMaker': True, 'isBestMatch': True}{'id': 271097995, 'price': '0.06809900', 'qty': '0.00500000', 'quoteQty': '0.00034049', 'time': 1621952234277, 'isBuyerMaker': False, 'isBestMatch': True}{'id': 271097996, 'price': '0.06809800', 'qty': '0.00300000', 'quoteQty': '0.00020429', 'time': 1621952234430, 'isBuyerMaker': True, 'isBestMatch': True}{'id': 271097997, 'price': '0.06809700', 'qty': '0.00200000', 'quoteQty': '0.00013619', 'time': 1621952234474, 'isBuyerMaker': True, 'isBestMatch': True}{'id': 271097998, 'price': '0.06809500', 'qty': '0.00900000', 'quoteQty': '0.00061285', 'time': 1621952234508, 'isBuyerMaker': True, 'isBestMatch': True}{'id': 271097999, 'price': '0.06809500', 'qty': '0.09000000', 'quoteQty': '0.00612855', 'time': 1621952234574, 'isBuyerMaker': True, 'isBestMatch': True}{'id': 271098000, 'price': '0.06809300', 'qty': '0.00200000', 'quoteQty': '0.00013618', 'time': 1621952234605, 'isBuyerMaker': True, 'isBestMatch': True}{'id': 271098001, 'price': '0.06809300', 'qty': '0.00200000', 'quoteQty': '0.00013618', 'time': 1621952234605, 'isBuyerMaker': True, 'isBestMatch': True}{'id': 271098002, 'price': '0.06809300', 'qty': '3.21400000', 'quoteQty': '0.21885090', 'time': 1621952234605, 'isBuyerMaker': True, 'isBestMatch': True}{'id': 271098003, 'price': '0.06809000', 'qty': '0.05800000', 'quoteQty': '0.00394922', 'time': 1621952234696, 'isBuyerMaker': True, 'isBestMatch': True}{'id': 271098004, 'price': '0.06809000', 'qty': '2.94200000', 'quoteQty': '0.20032078', 'time': 1621952234858, 'isBuyerMaker': True, 'isBestMatch': True}{'id': 271098005, 'price': '0.06809000', 'qty': '0.02200000', 'quoteQty': '0.00149798', 'time': 1621952234858, 'isBuyerMaker': True, 'isBestMatch': True}{'id': 271098006, 'price': '0.06808900', 'qty': '0.00300000', 'quoteQty': '0.00020426', 'time': 1621952235063, 'isBuyerMaker': False, 'isBestMatch': True}{'id': 271098007, 'price': '0.06808700', 'qty': '0.00500000', 'quoteQty': '0.00034043', 'time': 1621952235247, 'isBuyerMaker': False, 'isBestMatch': True}{'id': 271098008, 'price': '0.06808600', 'qty': '0.01700000', 'quoteQty': '0.00115746', 'time': 1621952235261, 'isBuyerMaker': True, 'isBestMatch': True}{'id': 271098009, 'price': '0.06808600', 'qty': '0.01500000', 'quoteQty': '0.00102129', 'time': 1621952235261, 'isBuyerMaker': True, 'isBestMatch': True}{'id': 271098010, 'price': '0.06808600', 'qty': '1.72400000', 'quoteQty': '0.11738026', 'time': 1621952235261, 'isBuyerMaker': True, 'isBestMatch': True}{'id': 271098011, 'price': '0.06808600', 'qty': '0.34900000', 'quoteQty': '0.02376201', 'time': 1621952235517, 'isBuyerMaker': True, 'isBestMatch': True}{'id': 271098012, 'price': '0.06808700', 'qty': '0.00700000', 'quoteQty': '0.00047660', 'time': 1621952235563, 'isBuyerMaker': False, 'isBestMatch': True}{'id': 271098013, 'price': '0.06808300', 'qty': '0.00400000', 'quoteQty': '0.00027233', 'time': 1621952236037, 'isBuyerMaker': True, 'isBestMatch': True}{'id': 271098014, 'price': '0.06808300', 'qty': '0.00200000', 'quoteQty': '0.00013616', 'time': 1621952236037, 'isBuyerMaker': True, 'isBestMatch': True}{'id': 271098015, 'price': '0.06808300', 'qty': '0.11300000', 'quoteQty': '0.00769337', 'time': 1621952236037, 'isBuyerMaker': True, 'isBestMatch': True}{'id': 271098016, 'price': '0.06808200', 'qty': '0.00600000', 'quoteQty': '0.00040849', 'time': 1621952236420, 'isBuyerMaker': False, 'isBestMatch': True}{'id': 271098017, 'price': '0.06808200', 'qty': '0.01500000', 'quoteQty': '0.00102123', 'time': 1621952236437, 'isBuyerMaker': False, 'isBestMatch': True}{'id': 271098018, 'price': '0.06808200', 'qty': '0.06600000', 'quoteQty': '0.00449341', 'time': 1621952236482, 'isBuyerMaker': False, 'isBestMatch': True}{'id': 271098019, 'price': '0.06808200', 'qty': '0.00200000', 'quoteQty': '0.00013616', 'time': 1621952236515, 'isBuyerMaker': False, 'isBestMatch': True}{'id': 271098020, 'price': '0.06808200', 'qty': '0.00400000', 'quoteQty': '0.00027232', 'time': 1621952236655, 'isBuyerMaker': False, 'isBestMatch': True}{'id': 271098021, 'price': '0.06808100', 'qty': '0.00500000', 'quoteQty': '0.00034040', 'time': 1621952236717, 'isBuyerMaker': True, 'isBestMatch': True}{'id': 271098022, 'price': '0.06808100', 'qty': '0.00500000', 'quoteQty': '0.00034040', 'time': 1621952236717, 'isBuyerMaker': True, 'isBestMatch': True}{'id': 271098023, 'price': '0.06808000', 'qty': '0.12000000', 'quoteQty': '0.00816960', 'time': 1621952236720, 'isBuyerMaker': True, 'isBestMatch': True}{'id': 271098024, 'price': '0.06807700', 'qty': '0.02300000', 'quoteQty': '0.00156577', 'time': 1621952236801, 'isBuyerMaker': False, 'isBestMatch': True}{'id': 271098025, 'price': '0.06807700', 'qty': '0.04800000', 'quoteQty': '0.00326769', 'time': 1621952236850, 'isBuyerMaker': False, 'isBestMatch': True}{'id': 271098026, 'price': '0.06807700', 'qty': '0.04200000', 'quoteQty': '0.00285923', 'time': 1621952236903, 'isBuyerMaker': False, 'isBestMatch': True}{'id': 271098027, 'price': '0.06807700', 'qty': '0.04500000', 'quoteQty': '0.00306346', 'time': 1621952237088, 'isBuyerMaker': False, 'isBestMatch': True}{'id': 271098028, 'price': '0.06807600', 'qty': '0.00200000', 'quoteQty': '0.00013615', 'time': 1621952237205, 'isBuyerMaker': True, 'isBestMatch': True}{'id': 271098029, 'price': '0.06807400', 'qty': '0.01000000', 'quoteQty': '0.00068074', 'time': 1621952237258, 'isBuyerMaker': True, 'isBestMatch': True}{'id': 271098030, 'price': '0.06807400', 'qty': '0.06800000', 'quoteQty': '0.00462903', 'time': 1621952237258, 'isBuyerMaker': True, 'isBestMatch': True}{'id': 271098031, 'price': '0.06807500', 'qty': '0.57600000', 'quoteQty': '0.03921120', 'time': 1621952237307, 'isBuyerMaker': False, 'isBestMatch': True}{'id': 271098032, 'price': '0.06807500', 'qty': '0.01500000', 'quoteQty': '0.00102112', 'time': 1621952237398, 'isBuyerMaker': False, 'isBestMatch': True}{'id': 271098033, 'price': '0.06807400', 'qty': '0.00300000', 'quoteQty': '0.00020422', 'time': 1621952237530, 'isBuyerMaker': True, 'isBestMatch': True}{'id': 271098034, 'price': '0.06807400', 'qty': '3.01500000', 'quoteQty': '0.20524311', 'time': 1621952237534, 'isBuyerMaker': True, 'isBestMatch': True}{'id': 271098035, 'price': '0.06807300', 'qty': '0.00300000', 'quoteQty': '0.00020421', 'time': 1621952237551, 'isBuyerMaker': True, 'isBestMatch': True}{'id': 271098036, 'price': '0.06807000', 'qty': '0.07000000', 'quoteQty': '0.00476490', 'time': 1621952237551, 'isBuyerMaker': True, 'isBestMatch': True}{'id': 271098037, 'price': '0.06807100', 'qty': '0.00500000', 'quoteQty': '0.00034035', 'time': 1621952237918, 'isBuyerMaker': False, 'isBestMatch': True}{'id': 271098038, 'price': '0.06807100', 'qty': '0.00200000', 'quoteQty': '0.00013614', 'time': 1621952237921, 'isBuyerMaker': False, 'isBestMatch': True}{'id': 271098039, 'price': '0.06807100', 'qty': '0.00200000', 'quoteQty': '0.00013614', 'time': 1621952237925, 'isBuyerMaker': False, 'isBestMatch': True}{'id': 271098040, 'price': '0.06807000', 'qty': '0.00300000', 'quoteQty': '0.00020421', 'time': 1621952238198, 'isBuyerMaker': True, 'isBestMatch': True}{'id': 271098041, 'price': '0.06806600', 'qty': '0.00300000', 'quoteQty': '0.00020419', 'time': 1621952238220, 'isBuyerMaker': True, 'isBestMatch': True}{'id': 271098042, 'price': '0.06806300', 'qty': '0.00700000', 'quoteQty': '0.00047644', 'time': 1621952238220, 'isBuyerMaker': True, 'isBestMatch': True}{'id': 271098043, 'price': '0.06806300', 'qty': '0.00200000', 'quoteQty': '0.00013612', 'time': 1621952238220, 'isBuyerMaker': True, 'isBestMatch': True}{'id': 271098044, 'price': '0.06806300', 'qty': '0.00300000', 'quoteQty': '0.00020418', 'time': 1621952238221, 'isBuyerMaker': True, 'isBestMatch': True}{'id': 271098045, 'price': '0.06806100', 'qty': '0.01200000', 'quoteQty': '0.00081673', 'time': 1621952238221, 'isBuyerMaker': True, 'isBestMatch': True}{'id': 271098046, 'price': '0.06806100', 'qty': '0.00700000', 'quoteQty': '0.00047642', 'time': 1621952238221, 'isBuyerMaker': True, 'isBestMatch': True}{'id': 271098047, 'price': '0.06806700', 'qty': '0.01500000', 'quoteQty': '0.00102100', 'time': 1621952238263, 'isBuyerMaker': False, 'isBestMatch': True}{'id': 271098048, 'price': '0.06806200', 'qty': '0.01500000', 'quoteQty': '0.00102093', 'time': 1621952238350, 'isBuyerMaker': False, 'isBestMatch': True}{'id': 271098049, 'price': '0.06806100', 'qty': '0.00300000', 'quoteQty': '0.00020418', 'time': 1621952238397, 'isBuyerMaker': True, 'isBestMatch': True}{'id': 271098050, 'price': '0.06805900', 'qty': '0.00400000', 'quoteQty': '0.00027223', 'time': 1621952238552, 'isBuyerMaker': True, 'isBestMatch': True}{'id': 271098051, 'price': '0.06805900', 'qty': '0.01600000', 'quoteQty': '0.00108894', 'time': 1621952238552, 'isBuyerMaker': True, 'isBestMatch': True}{'id': 271098052, 'price': '0.06805900', 'qty': '0.00300000', 'quoteQty': '0.00020417', 'time': 1621952238658, 'isBuyerMaker': False, 'isBestMatch': True}{'id': 271098053, 'price': '0.06805900', 'qty': '0.02900000', 'quoteQty': '0.00197371', 'time': 1621952238678, 'isBuyerMaker': False, 'isBestMatch': True}{'id': 271098054, 'price': '0.06805900', 'qty': '0.00300000', 'quoteQty': '0.00020417', 'time': 1621952238725, 'isBuyerMaker': False, 'isBestMatch': True}{'id': 271098055, 'price': '0.06805900', 'qty': '0.01500000', 'quoteQty': '0.00102088', 'time': 1621952238836, 'isBuyerMaker': False, 'isBestMatch': True}{'id': 271098056, 'price': '0.06805800', 'qty': '0.00700000', 'quoteQty': '0.00047640', 'time': 1621952238899, 'isBuyerMaker': True, 'isBestMatch': True}{'id': 271098057, 'price': '0.06805800', 'qty': '0.00200000', 'quoteQty': '0.00013611', 'time': 1621952238899, 'isBuyerMaker': True, 'isBestMatch': True}{'id': 271098058, 'price': '0.06805700', 'qty': '0.00200000', 'quoteQty': '0.00013611', 'time': 1621952238946, 'isBuyerMaker': True, 'isBestMatch': True}{'id': 271098059, 'price': '0.06805700', 'qty': '0.00200000', 'quoteQty': '0.00013611', 'time': 1621952238946, 'isBuyerMaker': True, 'isBestMatch': True}{'id': 271098060, 'price': '0.06805700', 'qty': '0.00200000', 'quoteQty': '0.00013611', 'time': 1621952238946, 'isBuyerMaker': True, 'isBestMatch': True}{'id': 271098061, 'price': '0.06805700', 'qty': '0.00200000', 'quoteQty': '0.00013611', 'time': 1621952238946, 'isBuyerMaker': True, 'isBestMatch': True}{'id': 271098062, 'price': '0.06805600', 'qty': '0.00700000', 'quoteQty': '0.00047639', 'time': 1621952238996, 'isBuyerMaker': True, 'isBestMatch': True}{'id': 271098063, 'price': '0.06805600', 'qty': '0.00900000', 'quoteQty': '0.00061250', 'time': 1621952238996, 'isBuyerMaker': True, 'isBestMatch': True}{'id': 271098064, 'price': '0.06805600', 'qty': '0.13000000', 'quoteQty': '0.00884728', 'time': 1621952238996, 'isBuyerMaker': True, 'isBestMatch': True}{'id': 271098065, 'price': '0.06805600', 'qty': '0.03700000', 'quoteQty': '0.00251807', 'time': 1621952239032, 'isBuyerMaker': True, 'isBestMatch': True}{'id': 271098066, 'price': '0.06805500', 'qty': '3.79700000', 'quoteQty': '0.25840483', 'time': 1621952239053, 'isBuyerMaker': True, 'isBestMatch': True}{'id': 271098067, 'price': '0.06805400', 'qty': '0.02000000', 'quoteQty': '0.00136108', 'time': 1621952239065, 'isBuyerMaker': True, 'isBestMatch': True}{'id': 271098068, 'price': '0.06805300', 'qty': '0.00500000', 'quoteQty': '0.00034026', 'time': 1621952239065, 'isBuyerMaker': True, 'isBestMatch': True}{'id': 271098069, 'price': '0.06805200', 'qty': '0.05000000', 'quoteQty': '0.00340260', 'time': 1621952239065, 'isBuyerMaker': True, 'isBestMatch': True}{'id': 271098070, 'price': '0.06805100', 'qty': '0.00200000', 'quoteQty': '0.00013610', 'time': 1621952239152, 'isBuyerMaker': True, 'isBestMatch': True}{'id': 271098071, 'price': '0.06804900', 'qty': '0.00600000', 'quoteQty': '0.00040829', 'time': 1621952239164, 'isBuyerMaker': True, 'isBestMatch': True}{'id': 271098072, 'price': '0.06804900', 'qty': '0.01900000', 'quoteQty': '0.00129293', 'time': 1621952239164, 'isBuyerMaker': True, 'isBestMatch': True}{'id': 271098073, 'price': '0.06804800', 'qty': '0.05200000', 'quoteQty': '0.00353849', 'time': 1621952239189, 'isBuyerMaker': False, 'isBestMatch': True}{'id': 271098074, 'price': '0.06804700', 'qty': '0.00800000', 'quoteQty': '0.00054437', 'time': 1621952239256, 'isBuyerMaker': True, 'isBestMatch': True}{'id': 271098075, 'price': '0.06804700', 'qty': '0.00500000', 'quoteQty': '0.00034023', 'time': 1621952239287, 'isBuyerMaker': False, 'isBestMatch': True}{'id': 271098076, 'price': '0.06804700', 'qty': '0.66700000', 'quoteQty': '0.04538734', 'time': 1621952239316, 'isBuyerMaker': False, 'isBestMatch': True}{'id': 271098077, 'price': '0.06804600', 'qty': '0.00200000', 'quoteQty': '0.00013609', 'time': 1621952239326, 'isBuyerMaker': True, 'isBestMatch': True}{'id': 271098078, 'price': '0.06804600', 'qty': '0.78900000', 'quoteQty': '0.05368829', 'time': 1621952239385, 'isBuyerMaker': False, 'isBestMatch': True}{'id': 271098079, 'price': '0.06804600', 'qty': '0.37900000', 'quoteQty': '0.02578943', 'time': 1621952239406, 'isBuyerMaker': False, 'isBestMatch': True}{'id': 271098080, 'price': '0.06804500', 'qty': '0.00800000', 'quoteQty': '0.00054436', 'time': 1621952239460, 'isBuyerMaker': True, 'isBestMatch': True}{'id': 271098081, 'price': '0.06804500', 'qty': '1.20200000', 'quoteQty': '0.08179009', 'time': 1621952239460, 'isBuyerMaker': True, 'isBestMatch': True}{'id': 271098082, 'price': '0.06804500', 'qty': '0.01500000', 'quoteQty': '0.00102067', 'time': 1621952239527, 'isBuyerMaker': False, 'isBestMatch': True}{'id': 271098083, 'price': '0.06804400', 'qty': '0.00200000', 'quoteQty': '0.00013608', 'time': 1621952240094, 'isBuyerMaker': True, 'isBestMatch': True}{'id': 271098084, 'price': '0.06804300', 'qty': '0.00800000', 'quoteQty': '0.00054434', 'time': 1621952240129, 'isBuyerMaker': True, 'isBestMatch': True}{'id': 271098085, 'price': '0.06804300', 'qty': '0.00200000', 'quoteQty': '0.00013608', 'time': 1621952240129, 'isBuyerMaker': True, 'isBestMatch': True}{'id': 271098086, 'price': '0.06804200', 'qty': '0.01000000', 'quoteQty': '0.00068042', 'time': 1621952240146, 'isBuyerMaker': True, 'isBestMatch': True}{'id': 271098087, 'price': '0.06804200', 'qty': '0.00500000', 'quoteQty': '0.00034021', 'time': 1621952240146, 'isBuyerMaker': True, 'isBestMatch': True}{'id': 271098088, 'price': '0.06804100', 'qty': '0.00600000', 'quoteQty': '0.00040824', 'time': 1621952240155, 'isBuyerMaker': True, 'isBestMatch': True}{'id': 271098089, 'price': '0.06804000', 'qty': '0.00400000', 'quoteQty': '0.00027216', 'time': 1621952240155, 'isBuyerMaker': True, 'isBestMatch': True}{'id': 271098090, 'price': '0.06804000', 'qty': '0.00400000', 'quoteQty': '0.00027216', 'time': 1621952240155, 'isBuyerMaker': True, 'isBestMatch': True}{'id': 271098091, 'price': '0.06804000', 'qty': '0.00400000', 'quoteQty': '0.00027216', 'time': 1621952240155, 'isBuyerMaker': True, 'isBestMatch': True}{'id': 271098092, 'price': '0.06804000', 'qty': '0.00200000', 'quoteQty': '0.00013608', 'time': 1621952240155, 'isBuyerMaker': True, 'isBestMatch': True}{'id': 271098093, 'price': '0.06803900', 'qty': '0.00700000', 'quoteQty': '0.00047627', 'time': 1621952240155, 'isBuyerMaker': True, 'isBestMatch': True}{'id': 271098094, 'price': '0.06803900', 'qty': '0.03100000', 'quoteQty': '0.00210920', 'time': 1621952240155, 'isBuyerMaker': True, 'isBestMatch': True}{'id': 271098095, 'price': '0.06803800', 'qty': '0.02000000', 'quoteQty': '0.00136076', 'time': 1621952240155, 'isBuyerMaker': True, 'isBestMatch': True}{'id': 271098096, 'price': '0.06803700', 'qty': '0.00200000', 'quoteQty': '0.00013607', 'time': 1621952240168, 'isBuyerMaker': True, 'isBestMatch': True}{'id': 271098097, 'price': '0.06803700', 'qty': '0.00800000', 'quoteQty': '0.00054429', 'time': 1621952240168, 'isBuyerMaker': True, 'isBestMatch': True}{'id': 271098098, 'price': '0.06803700', 'qty': '0.15000000', 'quoteQty': '0.01020555', 'time': 1621952240168, 'isBuyerMaker': True, 'isBestMatch': True}{'id': 271098099, 'price': '0.06803700', 'qty': '0.01300000', 'quoteQty': '0.00088448', 'time': 1621952240168, 'isBuyerMaker': True, 'isBestMatch': True}{'id': 271098100, 'price': '0.06803700', 'qty': '0.00500000', 'quoteQty': '0.00034018', 'time': 1621952240168, 'isBuyerMaker': True, 'isBestMatch': True}{'id': 271098101, 'price': '0.06803700', 'qty': '0.00600000', 'quoteQty': '0.00040822', 'time': 1621952240168, 'isBuyerMaker': True, 'isBestMatch': True}{'id': 271098102, 'price': '0.06803500', 'qty': '0.00800000', 'quoteQty': '0.00054428', 'time': 1621952240278, 'isBuyerMaker': False, 'isBestMatch': True}{'id': 271098103, 'price': '0.06803500', 'qty': '0.00200000', 'quoteQty': '0.00013607', 'time': 1621952240298, 'isBuyerMaker': False, 'isBestMatch': True}{'id': 271098104, 'price': '0.06803700', 'qty': '0.00500000', 'quoteQty': '0.00034018', 'time': 1621952240569, 'isBuyerMaker': False, 'isBestMatch': True}{'id': 271098105, 'price': '0.06803600', 'qty': '0.03200000', 'quoteQty': '0.00217715', 'time': 1621952240582, 'isBuyerMaker': True, 'isBestMatch': True}{'id': 271098106, 'price': '0.06803600', 'qty': '0.00300000', 'quoteQty': '0.00020410', 'time': 1621952240703, 'isBuyerMaker': True, 'isBestMatch': True}{'id': 271098107, 'price': '0.06803700', 'qty': '0.00300000', 'quoteQty': '0.00020411', 'time': 1621952240828, 'isBuyerMaker': False, 'isBestMatch': True}